%------------------------------------------------------------------------------------
%------------------------------------------------------------------------------------
% Othmane Rifki's publications
%------------------------------------------------------------------------------------
%------------------------------------------------------------------------------------


%------------------------------------------------------------------------------------
% My Papers
%------------------------------------------------------------------------------------

@article{paper-2015-SS3L,
    author           = "{ATLAS Collaboration}",
    title            = "{Search for supersymmetry at $13$ TeV in final states 
with jets and two same-sign leptons or three leptons}",
    journal          = "Eur. Phys. J. C",
    volume           = "76",
    year             = "2016",
    number           = "5",
    pages            = "1--26",
    doi              = "10.1140/epjc/s10052-016-4095-8",
    eprint           = "1602.09058",
    archivePrefix    = "arXiv",
    primaryClass     = "hep-ex",
}

@article{paper-2015-Photon, 
      author         = "{ATLAS Collaboration}",
      title          = "{Measurement of the inclusive isolated prompt photon
                        cross section in $pp$ collisions at $8$ TeV}",
      collaboration  = "ATLAS",
      journal        = "JHEP",
      volume         = "08",
      year           = "2016",
      pages          = "005",
      doi            = "10.1007/JHEP08(2016)005",
      url            = "http://dx.doi.org/10.1007/JHEP08(2016)005",
      eprint         = "1605.03495",
      archivePrefix  = "arXiv",
      primaryClass   = "hep-ex",
      reportNumber   = "CERN-EP-2016-035",
      SLACcitation   = "%%CITATION = ARXIV:1605.03495;%%"
}

@article{paper-2015-ttV,
      author         = "{ATLAS Collaboration}",
      title          = "{Measurement of the $ t\overline{t}W $ and $
                        t\overline{t}Z $ production cross sections in $pp$
                        collisions at $8$ TeV}",
      collaboration  = "ATLAS",
      journal        = "JHEP",
      volume         = "11",
      year           = "2015",
      pages          = "172",
      doi            = "10.1007/JHEP11(2015)172",
      eprint         = "1509.05276",
      archivePrefix  = "arXiv",
      primaryClass   = "hep-ex",
      reportNumber   = "CERN-PH-EP-2015-208",
      SLACcitation   = "%%CITATION = ARXIV:1509.05276;%%"
}

%------------------------------------------------------------------------------------
% My Conf notes
%------------------------------------------------------------------------------------

@article{conf-2016-SS3L,
      author         = "{ATLAS Collaboration}",
      title         = "{Search for supersymmetry with two same-sign leptons or
                       three leptons using 13.2 fb$^{-1}$ of $13$ TeV
                       $pp$ collision data}",
      collaboration = "ATLAS Collaboration",
      number        = "ATLAS-CONF-2016-037",
      year          = "2016",
      reportNumber  = "ATLAS-CONF-2016-037",
      url           = "https://cds.cern.ch/record/2205745",
}

@article{conf-2015-SS3L,
      author         = "{ATLAS Collaboration}",
      title         = "{Search for supersymmetry at $13$ TeV in final
                       states with jets and two same-sign leptons or three leptons
                      }",
      collaboration = "ATLAS Collaboration",
      number        = "ATLAS-CONF-2015-078",
      year          = "2015",
      reportNumber  = "ATLAS-CONF-2015-078",
      url           = "https://cds.cern.ch/record/2114850",
}



%------------------------------------------------------------------------------------
% My proceedings
%------------------------------------------------------------------------------------

@article{proc-LHCP2016-SUSY,
      author        = "Rifki, Othmane",
      title         = "{ATLAS searches for gluinos using leptons with 3.2 fb$^{-1}$ of
                       $pp$ collisions at 13 TeV}",
      institution   = "CERN",
      collaboration = "ATLAS Collaboration",
      address       = "Geneva",
      number        = "ATL-PHYS-PROC-2016-147",
      month         = "Sep",
      year          = "2016",
      reportNumber  = "ATL-PHYS-PROC-2016-147",
      url           = "https://cds.cern.ch/record/2215468",
}

@article{proc-TWEPP2015-RoIB,
  author={Rifki, O. and others},
  title={The evolution of the region of interest builder for the ATLAS experiment at CERN},
  journal={Journal of Instrumentation},
  volume={11},
  number={02},
  pages={C02080},
  url={http://stacks.iop.org/1748-0221/11/i=02/a=C02080},
  year={2016},
}

%------------------------------------------------------------------------------------
% My talks
%------------------------------------------------------------------------------------

@article{talk-ICHEP2016-DAQ,
      author        = "Rifki, Othmane",
      title         = "{The ATLAS Data Flow system in Run2: Design and
                       Performance}",
      collaboration = "ATLAS Collaboration",
      month         = "Aug",
      year          = "2016",
      reportNumber  = "ATL-DAQ-SLIDE-2016-508",
      url           = "https://cds.cern.ch/record/2209354",
}

@article{talk-Lowx2016-Excl,
      author        = "Rifki, Othmane",
      title         = "{Measurements of exclusive dilepton production at 7 and 8
                       TeV}",
      collaboration = "ATLAS Collaboration",
      month         = "Jun",
      year          = "2016",
      reportNumber  = "ATL-PHYS-SLIDE-2016-300",
      url           = "https://cds.cern.ch/record/2160733",
}


%------------------------------------------------------------------------------------
% My posters
%------------------------------------------------------------------------------------

@article{post-ICHEP2016-SS3L,
      author        = "Rifki, Othmane",
      title         = "{Search for supersymmetry at 13 TeV in final states with
                       two same-sign leptons or at least three leptons and jets
                       using $pp$ collisions recorded}",
      collaboration = "ATLAS Collaboration",
      month         = "Aug",
      year          = "2016",
      reportNumber  = "ATL-PHYS-SLIDE-2016-495",
      url           = "https://cds.cern.ch/record/2208075",
}

@article{post-LHCP2016-SUSY,
      author        = "Rifki, Othmane",
      title         = "{ATLAS searches for gluinos using leptons or multiple
                       b-jets with 3.2 fb$^{-1}$ of $pp$ collisions at 13 TeV}",
      collaboration = "ATLAS Collaboration",
      month         = "Jun",
      year          = "2016",
      reportNumber  = "ATL-PHYS-SLIDE-2016-360",
      url           = "https://cds.cern.ch/record/2162918",
}

@article{post-TWEPP2015-RoIB,
      author        = "Rifki, Othmane and Blair, Robert and Crone, Gordon Jeremy
                       and Green, Barry and Love, Jeremy and Proudfoot, James and
                       Panduro Vazquez, William and Vandelli, Wainer and Zhang,
                       Jinlong",
      title         = "{The Evolution of the Region of Interest Builder in the
                       ATLAS Experiment at CERN}",
      month         = "Oct",
      year          = "2015",
      reportNumber  = "ATL-DAQ-SLIDE-2015-779",
      url           = "https://cds.cern.ch/record/2058775",
}


@article{post-LHCC2015-RoIB,
      author        = "Blair, Robert and Crone, Gordon Jeremy and Green, Barry
                       and Love, Jeremy and Proudfoot, James and Rifki, Othmane
                       and Panduro Vazquez, Jose Guillermo and Zhang, Jinlong",
      title         = "{The Evolution of the Region of Interest Builder in the
                       ATLAS Experiment}",
      month         = "Feb",
      year          = "2015",
      reportNumber  = "ATL-DAQ-SLIDE-2015-028",
      url           = "https://cds.cern.ch/record/1994922",
}

%------------------------------------------------------------------------------------
% My reports
%------------------------------------------------------------------------------------

@article{repo-Penn2012-LSST,
      author        = "Rifki, Othmane",
      title         = "{Precision Characterization of Prototype Electronics for Readout of the 3.2 Gigapixels Camera for LSST}",
      institution   = "University of Pennsylvania",
      collaboration = "LSST",
      address       = "Philadelphia",
      number        = "\burl{https://www.nhn.ou.edu/%7Eothrif/LSST_Camera_Electronics.pdf}",
      month         = "Jun",
      year          = "2012",
      reportNumber  = "https://www.nhn.ou.edu/%7Eothrif/LSST_Camera_Electronics.pdf",
      url           = "https://www.nhn.ou.edu/%7Eothrif/LSST_Camera_Electronics.pdf",
}

%------------------------------------------------------------------------------------
% Papers
%------------------------------------------------------------------------------------


@Article{natural,
author="Papucci, M. and others",
title="Natural SUSY endures",
journal="Journal of High Energy Physics",
year="2012",
volume="2012",
number="9",
pages="35",
issn="1029-8479",
doi="10.1007/JHEP09(2012)035",
url="http://dx.doi.org/10.1007/JHEP09(2012)035"
}

@article{howie_WWss,
  title = {Same-Sign Diboson Signature from Supersymmetry Models with Light Higgsinos at the LHC},
  author = {Baer, H. and others},
  journal = {Phys. Rev. Lett.},
  volume = {110},
  issue = {15},
  pages = {151801},
  numpages = {5},
  year = {2013},
  month = {Apr},
  publisher = {American Physical Society},
  doi = {10.1103/PhysRevLett.110.151801},
  url = {http://link.aps.org/doi/10.1103/PhysRevLett.110.151801}
}


@article{stop_3lss,
  title = {Same-sign dilepton excesses and light top squarks},
  author = {Huang, P. and others},
  journal = {Phys. Rev. D},
  volume = {92},
  issue = {7},
  pages = {075035},
  numpages = {6},
  year = {2015},
  month = {Oct},
  publisher = {American Physical Society},
  doi = {10.1103/PhysRevD.92.075035},
  url = {http://link.aps.org/doi/10.1103/PhysRevD.92.075035}
}


@article{upgradeI,
      author        = "ATLAS Collaboration",
      title         = "{Technical Design Report for the Phase-I Upgrade of the
                       ATLAS TDAQ System}",
      collaboration = "ATLAS Collaboration",
      number        = "CERN-LHCC-2013-018. ATLAS-TDR-023",
      year          = "2013",
      reportNumber  = "CERN-LHCC-2013-018",
      url           = "https://cds.cern.ch/record/1602235",
%      note          = "Final version presented to December 2013 LHCC.",
}
